<record><leader>00000cas a22000007a 4500</leader><controlfield tag="001">42938960</controlfield><controlfield tag="008">991206d193519uuvaumn ne      0    0eng d</controlfield><datafield ind1=" " ind2=" " tag="010"><subfield code="a">sn 99066710 </subfield></datafield><datafield ind1=" " ind2=" " tag="040"><subfield code="a">NVK</subfield><subfield code="b">eng</subfield><subfield code="c">NVK</subfield><subfield code="d">OCLCF</subfield><subfield code="d">OCLCO</subfield><subfield code="d">OCLCA</subfield></datafield><datafield ind1="1" ind2=" " tag="029"><subfield code="a">AU@</subfield><subfield code="b">000021237339</subfield></datafield><datafield ind1=" " ind2=" " tag="042"><subfield code="a">msc</subfield></datafield><datafield ind1=" " ind2=" " tag="043"><subfield code="a">n-us-va</subfield></datafield><datafield ind1="0" ind2="0" tag="245"><subfield code="a">Nira news.</subfield></datafield><datafield ind1=" " ind2=" " tag="260"><subfield code="a">Elkton, Va. :</subfield><subfield code="b">C.C.C. Co. 1387,</subfield><subfield code="c">1935-</subfield></datafield><datafield ind1=" " ind2=" " tag="300"><subfield code="a">v.</subfield></datafield><datafield ind1=" " ind2=" " tag="310"><subfield code="a">Monthly</subfield></datafield><datafield ind1="0" ind2=" " tag="362"><subfield code="a">Vol. 1, no. 1 (June 20, 1935)-</subfield></datafield><datafield ind1=" " ind2=" " tag="500"><subfield code="a">Published monthly?</subfield></datafield><datafield ind1=" " ind2=" " tag="530"><subfield code="a">Available on microfiche from the Center for Research Libraries.</subfield></datafield><datafield ind1="2" ind2="0" tag="610"><subfield code="a">Civilian Conservation Corps (U.S.)</subfield><subfield code="v">Newspapers.</subfield></datafield><datafield ind1=" " ind2="0" tag="651"><subfield code="a">Elkton (Va.)</subfield><subfield code="v">Newspapers.</subfield></datafield><datafield ind1=" " ind2="0" tag="651"><subfield code="a">Rockingham County (Va.)</subfield><subfield code="v">Newspapers.</subfield></datafield><datafield ind1=" " ind2="7" tag="655"><subfield code="a">Newspapers.</subfield><subfield code="2">fast</subfield><subfield code="0">(OCoLC)fst01423814</subfield></datafield><datafield ind1="2" ind2="7" tag="610"><subfield code="a">Civilian Conservation Corps (U.S.)</subfield><subfield code="2">fast</subfield><subfield code="0">(OCoLC)fst00536299</subfield></datafield><datafield ind1=" " ind2="7" tag="651"><subfield code="a">Virginia</subfield><subfield code="z">Elkton.</subfield><subfield code="2">fast</subfield><subfield code="0">(OCoLC)fst01231743</subfield></datafield><datafield ind1=" " ind2="7" tag="651"><subfield code="a">Virginia</subfield><subfield code="z">Rockingham County.</subfield><subfield code="2">fast</subfield><subfield code="0">(OCoLC)fst01222827</subfield></datafield><datafield ind1="2" ind2=" " tag="710"><subfield code="a">Civilian Conservation Corps (U.S.).</subfield><subfield code="b">Company 1387 (Elkton, Va.)</subfield></datafield><datafield ind1=" " ind2=" " tag="752"><subfield code="a">United States</subfield><subfield code="b">Virginia</subfield><subfield code="c">Rockingham</subfield><subfield code="d">Elkton.</subfield></datafield><datafield ind1=" " ind2=" " tag="936"><subfield code="a">May 1940 LIC</subfield></datafield></record>